<record><leader>00000cas a2200000 a 4500</leader><controlfield tag="001">57672942</controlfield><controlfield tag="008">050216d1953195uiluwr ne      0   a0eng c</controlfield><datafield ind1=" " ind2=" " tag="010"><subfield code="a">sn2005061806</subfield></datafield><datafield ind1=" " ind2=" " tag="040"><subfield code="a">NVF</subfield><subfield code="b">eng</subfield><subfield code="c">NVF</subfield><subfield code="d">OCLCQ</subfield><subfield code="d">NVF</subfield><subfield code="d">OCLCF</subfield><subfield code="d">OCLCO</subfield></datafield><datafield ind1="1" ind2=" " tag="029"><subfield code="a">AU@</subfield><subfield code="b">000026729988</subfield></datafield><datafield ind1=" " ind2=" " tag="042"><subfield code="a">pcc</subfield></datafield><datafield ind1=" " ind2=" " tag="043"><subfield code="a">n-us-il</subfield></datafield><datafield ind1="0" ind2=" " tag="130"><subfield code="a">Bureau Valley chief (Princeton, Ill.)</subfield></datafield><datafield ind1="1" ind2="0" tag="245"><subfield code="a">Bureau Valley chief.</subfield></datafield><datafield ind1=" " ind2=" " tag="260"><subfield code="a">Princeton, Ill. :</subfield><subfield code="b">Bureau County Pub. Co.,</subfield><subfield code="c">1953-[195-?].</subfield></datafield><datafield ind1=" " ind2=" " tag="300"><subfield code="a">v.</subfield></datafield><datafield ind1=" " ind2=" " tag="310"><subfield code="a">Weekly</subfield></datafield><datafield ind1="0" ind2=" " tag="362"><subfield code="a">Vol. 64, no. 56 (Nov. 24, 1953)-</subfield></datafield><datafield ind1=" " ind2=" " tag="500"><subfield code="a">Nov. 24, 1953, p.2, publisher's note explains creation of this paper and relationship to Bureau County independent.</subfield></datafield><datafield ind1=" " ind2=" " tag="588"><subfield code="a">Latest issue consulted: Dec. 29, 1953.</subfield></datafield><datafield ind1=" " ind2="0" tag="651"><subfield code="a">Princeton (Ill.)</subfield><subfield code="v">Newspapers.</subfield></datafield><datafield ind1=" " ind2="0" tag="651"><subfield code="a">Bureau County (Ill.)</subfield><subfield code="v">Newspapers.</subfield></datafield><datafield ind1=" " ind2="7" tag="655"><subfield code="a">Newspapers.</subfield><subfield code="2">fast</subfield><subfield code="0">(OCoLC)fst01423814</subfield></datafield><datafield ind1=" " ind2="7" tag="651"><subfield code="a">Illinois</subfield><subfield code="z">Bureau County.</subfield><subfield code="2">fast</subfield><subfield code="0">(OCoLC)fst01214970</subfield></datafield><datafield ind1=" " ind2="7" tag="651"><subfield code="a">Illinois</subfield><subfield code="z">Princeton.</subfield><subfield code="2">fast</subfield><subfield code="0">(OCoLC)fst01217877</subfield></datafield><datafield ind1=" " ind2=" " tag="752"><subfield code="a">United States</subfield><subfield code="b">Illinois</subfield><subfield code="c">Bureau</subfield><subfield code="d">Princeton.</subfield></datafield><datafield ind1="0" ind2=" " tag="775"><subfield code="t">Bureau County independent</subfield><subfield code="w">(DLC)sn2005061805</subfield><subfield code="w">(OCoLC)57672934</subfield></datafield><datafield ind1="0" ind2="0" tag="785"><subfield code="t">Tiskilwa weekly</subfield><subfield code="w">(DLC)sn2004060905</subfield><subfield code="w">(OCoLC)57351984</subfield></datafield></record>